<?xml version="1.0" encoding="UTF-8"?>
<marc:collection xmlns:marc="http://www.loc.gov/MARC21/slim"
    xmlns:xsi="http://www.w3.org/2001/XMLSchema-instance"
    xsi:schemaLocation="http://www.loc.gov/MARC21/slim http://www.loc.gov/standards/marcxml/schema/MARC21slim.xsd">
    <marc:record>
        <marc:leader>11111nam a2200553ui 4500</marc:leader>
        <marc:controlfield tag="001">ap-test1</marc:controlfield>
        <marc:datafield tag="100" ind1="1" ind2=" ">
            <marc:subfield code="a">Lully, Jean-Baptiste,</marc:subfield>
            <marc:subfield code="d">1632-1687,</marc:subfield>
            <marc:subfield code="e">composer.</marc:subfield>
            <marc:subfield code="1">https://id.oclc.org/worldcat/entity/E39PBJwdjw9FW8TFDvMQ3VdG73</marc:subfield>
        </marc:datafield>
<!--        <marc:datafield tag="100" ind1="1" ind2=" ">
            <marc:subfield code="a">Fitzgerald, Stephanie J.</marc:subfield>
            <marc:subfield code="e">Verfasser.</marc:subfield>
            <marc:subfield code="0">(DE-588)107691893X</marc:subfield>
            <marc:subfield code="4">aut</marc:subfield>
        </marc:datafield>-->
<!--        <marc:datafield tag="100" ind1="1" ind2=" ">
            <marc:subfield code="a">Flawinne, Xavier,</marc:subfield>
            <marc:subfield code="e">author</marc:subfield>
            <marc:subfield code="4">aut</marc:subfield>
            <marc:subfield code="0">(IDREF)258380039</marc:subfield>
            <marc:subfield code="1">http://www.idref.fr/258380039/id</marc:subfield>
            <marc:subfield code="2">idref</marc:subfield>
        </marc:datafield>-->
<!--        <marc:datafield tag="100" ind1="1" ind2=" ">
            <marc:subfield code="a">Pochet, Bernard</marc:subfield>
            <marc:subfield code="e">auteur</marc:subfield>
            <marc:subfield code="2">idref</marc:subfield>
            <marc:subfield code="4">aut</marc:subfield>
            <marc:subfield code="0">(IDREF)068861281</marc:subfield>
            <marc:subfield code="1">http://www.idref.fr/068861281/id</marc:subfield>
        </marc:datafield>-->
        
<!--        <marc:datafield tag="700" ind1="1" ind2=" ">
            <marc:subfield code="a">Mora Pardo, Francisco Abelardo,</marc:subfield>
            <marc:subfield code="e">author.</marc:subfield>
            <marc:subfield code="1">https://orcid.org/0000-0002-8127-3435</marc:subfield>
            <marc:subfield code="2">orcid</marc:subfield>
        </marc:datafield>-->

<!--        <marc:datafield tag="700" ind1="1" ind2=" ">
            <marc:subfield code="a">Whitwood, William, </marc:subfield>
            <marc:subfield code="e">bookseller.</marc:subfield>
            <marc:subfield code="4">http://id.loc.gov/vocabulary/relators/bsl</marc:subfield>
            <marc:subfield code="0">http://id.loc.gov/authorities/names/n85356900</marc:subfield>
        </marc:datafield>-->
        
<!--        <marc:datafield tag="700" ind1="1" ind2=" ">
            <marc:subfield code="a">Wial, Howard, </marc:subfield>
            <marc:subfield code="e">editor..</marc:subfield>
            <marc:subfield code="0">(uri) http://viaf.org/viaf/sourceID/LC%7cn98032191</marc:subfield>
        </marc:datafield>-->
        
<!--        <marc:datafield tag="700" ind1="1" ind2=" ">
            <marc:subfield code="a">Wilson, Rory P.,</marc:subfield>
            <marc:subfield code="e">author.</marc:subfield>
            <marc:subfield code="0">(isni)0000000124152250</marc:subfield>
        </marc:datafield>-->
        
<!--        <marc:datafield tag="100" ind1="1" ind2=" ">
            <marc:subfield code="a">Pociask, Steve.</marc:subfield>
        </marc:datafield>
        -->
<!--        
        <marc:datafield tag="720" ind1=" " ind2=" ">
            <marc:subfield code="a">Farrow, Blake</marc:subfield>
            <marc:subfield code="4">cre</marc:subfield>
        </marc:datafield>-->
    </marc:record>
</marc:collection>